#1
@article{viniegra2014reduccionismo,
  title={El reduccionismo cient{\'\i}fico y el control de las conciencias: Parte I},
  author={Viniegra Vel{\'a}zquez, Leonardo},
  journal={Bolet{\'\i}n M{\'e}dico del Hospital Infantil de M{\'e}xico},
  volume={71},
  number={4},
  pages={252--257},
  year={2014},
  publisher={Instituto Nacional de Salud, Hospital Infantil de M{\'e}xico Federico G{\'o}mez}
}
#2
@article{anderson1972more,
  title={More is different},
  author={Anderson, Philip W},
  journal={Science},
  volume={177},
  number={4047},
  pages={393--396},
  year={1972},
  publisher={JSTOR}
}
#3
@article{falkenburg2015more,
  title={Why More Is Different},
  author={Falkenburg, Brigitte and Morrison, Margaret},
  journal={Philosophical Issues in Condensed Matter Physics and Complex Systems. Springer, Berlin, Heidelberg},
  year={2015},
  publisher={Springer}
}
#4
@article{gardner1970fantastic,
  title={The Fantastic Combinations of Jhon Conway's New Solitaire Game'Life},
  author={Gardner, Martin},
  journal={Sc. Am.},
  volume={223},
  pages={20--123},
  year={1970}
}
#5
@article{von1966theory,
  title={Theory of self-reproducing automata},
  author={Von Neuman, J and Burks, AW and Gardner, M and Wolfram, Stephen and Wolfram, Stephen and Sipper, Moshe and Wolfram, Stephen and Wolfram, Stephen and Wolfram, Stephen and Baldwin, John T and others},
  year={1966}
}
#6
@article{baas1994emergence,
  title={Emergence, hierarchies and hyperstructures. Artifidal Ufe, n'Ill, vol},
  author={Baas, NA},
  journal={Addison-Wesley},
  volume={515},
  pages={537},
  year={1994}
}
#7
@article{lewes1891problems,
  title={Problems of life and mind, first series: The foundations of a creed, Vol 2.},
  author={Lewes, George Henry},
  year={1891},
  publisher={Houghton, Mifflin and Company}
}
#8
@article{mason2007graph,
  title={Graph theory and networks in biology},
  author={Mason, Oliver and Verwoerd, Mark},
  journal={IET systems biology},
  volume={1},
  number={2},
  pages={89--119},
  year={2007},
  publisher={IET}
}
#9
@article{stelling2004robustness,
  title={Robustness of cellular functions},
  author={Stelling, J{\"o}rg and Sauer, Uwe and Szallasi, Zoltan and Doyle III, Francis J and Doyle, John},
  journal={Cell},
  volume={118},
  number={6},
  pages={675--685},
  year={2004},
  publisher={Elsevier}
}
#10
@article{liu2011controllability,
  title={Controllability of complex networks},
  author={Liu, Yang-Yu and Slotine, Jean-Jacques and Barab{\'a}si, Albert-L{\'a}szl{\'o}},
  journal={nature},
  volume={473},
  number={7346},
  pages={167--173},
  year={2011},
  publisher={Nature Publishing Group}
}
#11
@article{zheng2019control,
  title={Control of multilayer biological networks and applied to target identification of complex diseases},
  author={Zheng, Wei and Wang, Dingjie and Zou, Xiufen},
  journal={BMC bioinformatics},
  volume={20},
  number={1},
  pages={1--12},
  year={2019},
  publisher={Springer}
}
#12
@book{bianconi2018multilayer,
  title={Multilayer networks: structure and function},
  author={Bianconi, Ginestra},
  year={2018},
  publisher={Oxford university press}
}
#13
@article{zuzek2015epidemic,
  title={Epidemic model with isolation in multilayer networks},
  author={Zuzek, LG Alvarez and Stanley, Harry Eugene and Braunstein, Lidia A},
  journal={Scientific reports},
  volume={5},
  number={1},
  pages={1--7},
  year={2015},
  publisher={Nature Publishing Group}
}
#14
@article{aleta2019multilayer,
  title={Multilayer networks in a nutshell},
  author={Aleta, Alberto and Moreno, Yamir},
  journal={Annual Review of Condensed Matter Physics},
  volume={10},
  pages={45--62},
  year={2019},
  publisher={Annual Reviews}
}
#15
@article{albert2002statistical,
  title={Statistical mechanics of complex networks},
  author={Albert, R{\'e}ka and Barab{\'a}si, Albert-L{\'a}szl{\'o}},
  journal={Reviews of modern physics},
  volume={74},
  number={1},
  pages={47},
  year={2002},
  publisher={APS}
}
#16
@book{newman2006structure,
  title={The structure and dynamics of networks.},
  author={Newman, Mark Ed and Barab{\'a}si, Albert-L{\'a}szl{\'o} Ed and Watts, Duncan J},
  year={2006},
  publisher={Princeton university press}
}
#17
@article{wang2017comparison,
  title={Comparison of different generalizations of clustering coefficient and local efficiency for weighted undirected graphs},
  author={Wang, Yu and Ghumare, Eshwar and Vandenberghe, Rik and Dupont, Patrick},
  journal={Neural computation},
  volume={29},
  number={2},
  pages={313--331},
  year={2017},
  publisher={MIT Press}
}
#18
@article{schaeffer2007graph,
  title={Graph clustering},
  author={Schaeffer, Satu Elisa},
  journal={Computer science review},
  volume={1},
  number={1},
  pages={27--64},
  year={2007},
  publisher={Elsevier}
}
#19
@article{watts1998collective,
  title={Collective dynamics of ‘small-world’networks},
  author={Watts, Duncan J and Strogatz, Steven H},
  journal={nature},
  volume={393},
  number={6684},
  pages={440--442},
  year={1998},
  publisher={Nature Publishing Group}
}
#20
@article{newmanoxford,
  title={Oxford University Press; New York: 2010},
  author={Newman, MEJ and Barkema, GT},
  journal={Networks: An Introduction.[Google Scholar]}
}
#21
@article{farahani2019application,
  title={Application of graph theory for identifying connectivity patterns in human brain networks: a systematic review},
  author={Farahani, Farzad V and Karwowski, Waldemar and Lighthall, Nichole R},
  journal={frontiers in Neuroscience},
  volume={13},
  pages={585},
  year={2019},
  publisher={Frontiers}
}
#22
@article{das2020small,
  title={Small-world networks of prognostic genes associated with lung adenocarcinoma development},
  author={Das, Asim Bikas},
  journal={Genomics},
  volume={112},
  number={6},
  pages={4078--4088},
  year={2020},
  publisher={Elsevier}
}
#23
@article{buldyrev2010catastrophic,
  title={Catastrophic cascade of failures in interdependent networks},
  author={Buldyrev, Sergey V and Parshani, Roni and Paul, Gerald and Stanley, H Eugene and Havlin, Shlomo},
  journal={Nature},
  volume={464},
  number={7291},
  pages={1025--1028},
  year={2010},
  publisher={Nature Publishing Group}
}
#24
@article{kanawati2015multiplex,
  title={Multiplex Network Mining: A Brief Survey.},
  author={Kanawati, Rushed},
  journal={IEEE Intell. Informatics Bull.},
  volume={16},
  number={1},
  pages={24--27},
  year={2015}
}
#25
@article{arda2019multiplex,
  title={The multiplex network of human diseases},
  author={Arda, Halu and Arenas, Alex and Sharma, Amitabh and others},
  journal={NPJ Systems Biology and Applications},
  volume={5},
  number={1},
  year={2019},
  publisher={Nature Publishing Group}
}
#26
@article{holme2012temporal,
  title={Temporal networks},
  author={Holme, Petter and Saram{\"a}ki, Jari},
  journal={Physics reports},
  volume={519},
  number={3},
  pages={97--125},
  year={2012},
  publisher={Elsevier}
}
#27
@book{barrat2008dynamical,
  title={Dynamical processes on complex networks},
  author={Barrat, Alain and Barthelemy, Marc and Vespignani, Alessandro},
  year={2008},
  publisher={Cambridge university press}
}
#28
@article{kenett2015networks,
  title={Networks of networks--an introduction},
  author={Kenett, Dror Y and Perc, Matja{\v{z}} and Boccaletti, Stefano},
  journal={Chaos, Solitons \& Fractals},
  volume={80},
  pages={1--6},
  year={2015},
  publisher={Elsevier}
}
#29
@article{padgett1993robust,
  title={Robust Action and the Rise of the Medici, 1400-1434},
  author={Padgett, John F and Ansell, Christopher K},
  journal={American journal of sociology},
  volume={98},
  number={6},
  pages={1259--1319},
  year={1993},
  publisher={University of Chicago Press}
}
#30
@article{gomez2013diffusion,
  title={Diffusion dynamics on multiplex networks},
  author={Gomez, Sergio and Diaz-Guilera, Albert and Gomez-Gardenes, Jesus and Perez-Vicente, Conrad J and Moreno, Yamir and Arenas, Alex},
  journal={Physical review letters},
  volume={110},
  number={2},
  pages={028701},
  year={2013},
  publisher={APS}
}
#31
@incollection{cozzo2016multilayer,
  title={Multilayer networks: metrics and spectral properties},
  author={Cozzo, Emanuele and de Arruda, Guilherme Ferraz and Rodrigues, Francisco A and Moreno, Yamir},
  booktitle={Interconnected Networks},
  pages={17--35},
  year={2016},
  publisher={Springer}
}
#32
@article{iacovacci2016functional,
  title={Functional multiplex pagerank},
  author={Iacovacci, Jacopo and Rahmede, Christoph and Arenas, Alex and Bianconi, Ginestra},
  journal={EPL (Europhysics Letters)},
  volume={116},
  number={2},
  pages={28004},
  year={2016},
  publisher={IOP Publishing}
}
#33
@article{lancichinetti2012consensus,
  title={Consensus clustering in complex networks},
  author={Lancichinetti, Andrea and Fortunato, Santo},
  journal={Scientific reports},
  volume={2},
  number={1},
  pages={1--7},
  year={2012},
  publisher={Nature Publishing Group}
}
#34
@article{cozzo2013clustering,
  title={Clustering coefficients in multiplex networks},
  author={Cozzo, Emanuele and Kivel{\"a}, Mikko and De Domenico, Manlio and Sol{\'e}, Albert and Arenas, Alex and G{\'o}mez, Sergio and Porter, Mason A and Moreno, Yamir},
  journal={arXiv preprint arXiv:1307.6780},
  year={2013}
}
#35
@article{donges2011investigating,
  title={Investigating the topology of interacting networks},
  author={Donges, Jonathan F and Schultz, Hanna CH and Marwan, Norbert and Zou, Yong and Kurths, J{\"u}rgen},
  journal={The European Physical Journal B},
  volume={84},
  number={4},
  pages={635--651},
  year={2011},
  publisher={Springer}
}
#36
@article{liu2016control,
  title={Control principles of complex systems},
  author={Liu, Yang-Yu and Barab{\'a}si, Albert-L{\'a}szl{\'o}},
  journal={Reviews of Modern Physics},
  volume={88},
  number={3},
  pages={035006},
  year={2016},
  publisher={APS}
}
#37
@article{liu2016control,
  title={Control principles of complex systems},
  author={Liu, Yang-Yu and Barab{\'a}si, Albert-L{\'a}szl{\'o}},
  journal={Reviews of Modern Physics},
  volume={88},
  number={3},
  pages={035006},
  year={2016},
  publisher={APS}
}
#38
@article{aleta2017multilayer,
  title={A multilayer perspective for the analysis of urban transportation systems},
  author={Aleta, Alberto and Meloni, Sandro and Moreno, Yamir},
  journal={Scientific reports},
  volume={7},
  number={1},
  pages={1--9},
  year={2017},
  publisher={Nature Publishing Group}
}
#39
@article{o1994emergent,
  title={Emergent properties},
  author={O'Connor, Timothy},
  journal={American Philosophical Quarterly},
  volume={31},
  number={2},
  pages={91--104},
  year={1994},
  publisher={JSTOR}
}
#40
@article{lazega1999multiplexity,
  title={Multiplexity, generalized exchange and cooperation in organizations: a case study},
  author={Lazega, Emmanuel and Pattison, Philippa E},
  journal={Social networks},
  volume={21},
  number={1},
  pages={67--90},
  year={1999},
  publisher={Elsevier}
}
#41
@article{sanz2014dynamics,
  title={Dynamics of interacting diseases},
  author={Sanz, Joaqu{\'\i}n and Xia, Cheng-Yi and Meloni, Sandro and Moreno, Yamir},
  journal={Physical Review X},
  volume={4},
  number={4},
  pages={041005},
  year={2014},
  publisher={APS}
}
#42
@article{sun2016integrative,
  title={Integrative analysis of multi-omics data for discovery and functional studies of complex human diseases},
  author={Sun, Yan V and Hu, Yi-Juan},
  journal={Advances in genetics},
  volume={93},
  pages={147--190},
  year={2016},
  publisher={Elsevier}
}
#43
@article{bentley2016multilayer,
  title={The multilayer connectome of Caenorhabditis elegans},
  author={Bentley, Barry and Branicky, Robyn and Barnes, Christopher L and Chew, Yee Lian and Yemini, Eviatar and Bullmore, Edward T and V{\'e}rtes, Petra E and Schafer, William R},
  journal={PLoS computational biology},
  volume={12},
  number={12},
  pages={e1005283},
  year={2016},
  publisher={Public Library of Science San Francisco, CA USA}
}
#44
@article{del2016synchronization,
  title={Synchronization in networks with multiple interaction layers},
  author={Del Genio, Charo I and G{\'o}mez-Garde{\~n}es, Jes{\'u}s and Bonamassa, Ivan and Boccaletti, Stefano},
  journal={Science Advances},
  volume={2},
  number={11},
  pages={e1601679},
  year={2016},
  publisher={American Association for the Advancement of Science}
}
#45
@article{schleuning2020trait,
  title={Trait-based assessments of climate-change impacts on interacting species},
  author={Schleuning, Matthias and Neuschulz, Eike Lena and Albrecht, J{\"o}rg and Bender, Irene MA and Bowler, Diana E and Dehling, D Matthias and Fritz, Susanne A and Hof, Christian and Mueller, Thomas and Nowak, Larissa and others},
  journal={Trends in Ecology \& Evolution},
  volume={35},
  number={4},
  pages={319--328},
  year={2020},
  publisher={Elsevier}
}
#46
@article{schweiger2008climate,
  title={Climate change can cause spatial mismatch of trophically interacting species},
  author={Schweiger, Oliver and Settele, Josef and Kudrna, Otakar and Klotz, Stefan and K{\"u}hn, Ingolf},
  journal={Ecology},
  volume={89},
  number={12},
  pages={3472--3479},
  year={2008},
  publisher={Wiley Online Library}
}
#47
@article{ludwig1978qualitative,
  title={Qualitative analysis of insect outbreak systems: the spruce budworm and forest},
  author={Ludwig, Donald and Jones, Dixon D and Holling, Crawford S},
  journal={The Journal of Animal Ecology},
  pages={315--332},
  year={1978},
  publisher={JSTOR}
}
#48
@article{villaintroduction,
  title={An introduction to network inference and mining},
  author={Villa-Vialaneix-nathalie, Nathalie}
}
#49
@inproceedings{butte1999unsupervised,
  title={Unsupervised knowledge discovery in medical databases using relevance networks.},
  author={Butte, Atul J and Kohane, Isaac S},
  booktitle={Proceedings of the AMIA Symposium},
  pages={711},
  year={1999},
  organization={American Medical Informatics Association}
}
#50
@incollection{butte1999mutual,
  title={Mutual information relevance networks: functional genomic clustering using pairwise entropy measurements},
  author={Butte, Atul J and Kohane, Isaac S},
  booktitle={Biocomputing 2000},
  pages={418--429},
  year={1999},
  publisher={World Scientific}
}
#51
@article{langfelder2008wgcna,
  title={WGCNA: an R package for weighted correlation network analysis},
  author={Langfelder, Peter and Horvath, Steve},
  journal={BMC bioinformatics},
  volume={9},
  number={1},
  pages={1--13},
  year={2008},
  publisher={BioMed Central}
}
#52
@article{zhang2005general,
  title={A general framework for weighted gene co-expression network analysis},
  author={Zhang, Bin and Horvath, Steve},
  journal={Statistical applications in genetics and molecular biology},
  volume={4},
  number={1},
  year={2005},
  publisher={De Gruyter}
}
#53
@article{uhler2017gaussian,
  title={Gaussian graphical models: An algebraic and geometric perspective},
  author={Uhler, Caroline},
  journal={arXiv preprint arXiv:1707.04345},
  year={2017}
}
#54
@article{meyer2008minet,
  title={minet: AR/Bioconductor package for inferring large transcriptional networks using mutual information},
  author={Meyer, Patrick E and Lafitte, Frederic and Bontempi, Gianluca},
  journal={BMC bioinformatics},
  volume={9},
  number={1},
  pages={1--10},
  year={2008},
  publisher={Springer}
}
#55
@inproceedings{margolin2006aracne,
  title={ARACNE: an algorithm for the reconstruction of gene regulatory networks in a mammalian cellular context},
  author={Margolin, Adam A and Nemenman, Ilya and Basso, Katia and Wiggins, Chris and Stolovitzky, Gustavo and Dalla Favera, Riccardo and Califano, Andrea},
  booktitle={BMC bioinformatics},
  volume={7},
  number={1},
  pages={1--15},
  year={2006},
  organization={Springer}
}
#56
@article{tourassi2001application,
  title={Application of the mutual information criterion for feature selection in computer-aided diagnosis},
  author={Tourassi, Georgia D and Frederick, Erik D and Markey, Mia K and Floyd Jr, Carey E},
  journal={Medical physics},
  volume={28},
  number={12},
  pages={2394--2402},
  year={2001},
  publisher={Wiley Online Library}
}
#57
@article{peng2005feature,
  title={Feature selection based on mutual information criteria of max-dependency, max-relevance, and min-redundancy},
  author={Peng, Hanchuan and Long, Fuhui and Ding, Chris},
  journal={IEEE Transactions on pattern analysis and machine intelligence},
  volume={27},
  number={8},
  pages={1226--1238},
  year={2005},
  publisher={IEEE}
}
#58
@article{chen2016two,
  title={A two-part mixed-effects model for analyzing longitudinal microbiome compositional data},
  author={Chen, Eric Z and Li, Hongzhe},
  journal={Bioinformatics},
  volume={32},
  number={17},
  pages={2611--2617},
  year={2016},
  publisher={Oxford University Press}
}
#59
@article{layeghifard2017disentangling,
  title={Disentangling interactions in the microbiome: a network perspective},
  author={Layeghifard, Mehdi and Hwang, David M and Guttman, David S},
  journal={Trends in microbiology},
  volume={25},
  number={3},
  pages={217--228},
  year={2017},
  publisher={Elsevier}
}
#60
@article{friedman2012inferring,
  title={Inferring correlation networks from genomic survey data},
  author={Friedman, Jonathan and Alm, Eric J},
  year={2012},
  publisher={Public Library of Science San Francisco, USA}
}
#61
@article{kurtz2015sparse,
  title={Sparse and compositionally robust inference of microbial ecological networks},
  author={Kurtz, Zachary D and M{\"u}ller, Christian L and Miraldi, Emily R and Littman, Dan R and Blaser, Martin J and Bonneau, Richard A},
  journal={PLoS computational biology},
  volume={11},
  number={5},
  pages={e1004226},
  year={2015},
  publisher={Public Library of Science San Francisco, CA USA}
}
#62
@article{meinshausen2006high,
  title={High-dimensional graphs and variable selection with the lasso},
  author={Meinshausen, Nicolai and B{\"u}hlmann, Peter},
  journal={The annals of statistics},
  volume={34},
  number={3},
  pages={1436--1462},
  year={2006},
  publisher={Institute of Mathematical Statistics}
}
#63
@article{bonneau2006inferelator,
  title={The Inferelator: an algorithm for learning parsimonious regulatory networks from systems-biology data sets de novo},
  author={Bonneau, Richard and Reiss, David J and Shannon, Paul and Facciotti, Marc and Hood, Leroy and Baliga, Nitin S and Thorsson, Vesteinn},
  journal={Genome biology},
  volume={7},
  number={5},
  pages={1--16},
  year={2006},
  publisher={Springer}
}
#64
@article{hirano2019difficulty,
  title={Difficulty in inferring microbial community structure based on co-occurrence network approaches},
  author={Hirano, Hokuto and Takemoto, Kazuhiro},
  journal={BMC bioinformatics},
  volume={20},
  number={1},
  pages={1--14},
  year={2019},
  publisher={BioMed Central}
}
#65
@incollection{layeghifard2018constructing,
  title={Constructing and analyzing microbiome networks in R},
  author={Layeghifard, Mehdi and Hwang, David M and Guttman, David S},
  booktitle={Microbiome analysis},
  pages={243--266},
  year={2018},
  publisher={Springer}
}
#66
@article{gamino2005flora,
  title={Flora normal, probi{\'o}ticos y salud humana},
  author={Gami{\~n}o-Arroyo, Ana Estela and Barrios-Ceballos, Minerva Paola and de la Pe{\~n}a, Lydia Patricia C{\'a}rdenas and Anaya-Vel{\'a}zquez, Fernando and Padilla-Vaca, Felipe},
  journal={Acta universitaria},
  volume={15},
  number={3},
  pages={34--40},
  year={2005}
}
#67
@article{fan2021gut,
  title={Gut microbiota in human metabolic health and disease},
  author={Fan, Yong and Pedersen, Oluf},
  journal={Nature Reviews Microbiology},
  volume={19},
  number={1},
  pages={55--71},
  year={2021},
  publisher={Nature Publishing Group}
}
#68
@article{rothschild2018environment,
  title={Environment dominates over host genetics in shaping human gut microbiota},
  author={Rothschild, Daphna and Weissbrod, Omer and Barkan, Elad and Kurilshikov, Alexander and Korem, Tal and Zeevi, David and Costea, Paul I and Godneva, Anastasia and Kalka, Iris N and Bar, Noam and others},
  journal={Nature},
  volume={555},
  number={7695},
  pages={210--215},
  year={2018},
  publisher={Nature Publishing Group}
}
#69
@article{korem2015growth,
  title={Growth dynamics of gut microbiota in health and disease inferred from single metagenomic samples},
  author={Korem, Tal and Zeevi, David and Suez, Jotham and Weinberger, Adina and Avnit-Sagi, Tali and Pompan-Lotan, Maya and Matot, Elad and Jona, Ghil and Harmelin, Alon and Cohen, Nadav and others},
  journal={Science},
  volume={349},
  number={6252},
  pages={1101--1106},
  year={2015},
  publisher={American Association for the Advancement of Science}
}
#70
@article{falony2018richness,
  title={Richness and ecosystem development across faecal snapshots of the gut microbiota},
  author={Falony, Gwen and Vieira-Silva, Sara and Raes, Jeroen},
  journal={Nature microbiology},
  volume={3},
  number={5},
  pages={526--528},
  year={2018},
  publisher={Nature Publishing Group}
}
#71
@article{yatsunenko2012human,
  title={Human gut microbiome viewed across age and geography},
  author={Yatsunenko, Tanya and Rey, Federico E and Manary, Mark J and Trehan, Indi and Dominguez-Bello, Maria Gloria and Contreras, Monica and Magris, Magda and Hidalgo, Glida and Baldassano, Robert N and Anokhin, Andrey P and others},
  journal={nature},
  volume={486},
  number={7402},
  pages={222--227},
  year={2012},
  publisher={Nature Publishing Group}
}
#72
@article{qin2010human,
  title={A human gut microbial gene catalogue established by metagenomic sequencing},
  author={Qin, Junjie and Li, Ruiqiang and Raes, Jeroen and Arumugam, Manimozhiyan and Burgdorf, Kristoffer Solvsten and Manichanh, Chaysavanh and Nielsen, Trine and Pons, Nicolas and Levenez, Florence and Yamada, Takuji and others},
  journal={nature},
  volume={464},
  number={7285},
  pages={59--65},
  year={2010},
  publisher={Nature Publishing Group}
}
#73
@article{backhed2004gut,
  title={The gut microbiota as an environmental factor that regulates fat storage},
  author={B{\"a}ckhed, Fredrik and Ding, Hao and Wang, Ting and Hooper, Lora V and Koh, Gou Young and Nagy, Andras and Semenkovich, Clay F and Gordon, Jeffrey I},
  journal={Proceedings of the national academy of sciences},
  volume={101},
  number={44},
  pages={15718--15723},
  year={2004},
  publisher={National Acad Sciences}
}
#74
@article{cox2015antibiotics,
  title={Antibiotics in early life and obesity},
  author={Cox, Laura M and Blaser, Martin J},
  journal={Nature Reviews Endocrinology},
  volume={11},
  number={3},
  pages={182--190},
  year={2015},
  publisher={Nature Publishing Group}
}
#75
@article{gorski2019perspectives,
  title={Perspectives of phage therapy in non-bacterial infections},
  author={G{\'o}rski, Andrzej and Bollyky, Paul L and Przybylski, Maciej and Borysowski, Jan and Mi{\k{e}}dzybrodzki, Ryszard and Jo{\'n}czyk-Matysiak, Ewa and Weber-D{\k{a}}browska, Beata},
  journal={Frontiers in Microbiology},
  volume={9},
  pages={3306},
  year={2019},
  publisher={Frontiers}
}
#76
@article{clemente2015microbiome,
  title={The microbiome of uncontacted Amerindians},
  author={Clemente, Jose C and Pehrsson, Erica C and Blaser, Martin J and Sandhu, Kuldip and Gao, Zhan and Wang, Bin and Magris, Magda and Hidalgo, Glida and Contreras, Monica and Noya-Alarc{\'o}n, {\'O}scar and others},
  journal={Science advances},
  volume={1},
  number={3},
  pages={e1500183},
  year={2015},
  publisher={American Association for the Advancement of Science}
}
#77
@article{smits2017seasonal,
  title={Seasonal cycling in the gut microbiome of the Hadza hunter-gatherers of Tanzania},
  author={Smits, Samuel A and Leach, Jeff and Sonnenburg, Erica D and Gonzalez, Carlos G and Lichtman, Joshua S and Reid, Gregor and Knight, Rob and Manjurano, Alphaxard and Changalucha, John and Elias, Joshua E and others},
  journal={Science},
  volume={357},
  number={6353},
  pages={802--806},
  year={2017},
  publisher={American Association for the Advancement of Science}
}
#78
@article{flint2000effect,
  title={The effect of glucagon-like peptide-1 on energy expenditure and substrate metabolism in humans},
  author={Flint, A and Raben, A and Rehfeld, JF and Holst, JJ and Astrup, A},
  journal={International journal of obesity},
  volume={24},
  number={3},
  pages={288--298},
  year={2000},
  publisher={Nature Publishing Group}
}
#79
@article{maslowski2009regulation,
  title={Regulation of inflammatory responses by gut microbiota and chemoattractant receptor GPR43},
  author={Maslowski, Kendle M and Vieira, Angelica T and Ng, Aylwin and Kranich, Jan and Sierro, Frederic and Yu, Di and Schilter, Heidi C and Rolph, Michael S and Mackay, Fabienne and Artis, David and others},
  journal={Nature},
  volume={461},
  number={7268},
  pages={1282--1286},
  year={2009},
  publisher={Nature Publishing Group}
}
#80
@article{macfarlane2006composition,
  title={Composition and metabolic activities of bacterial biofilms colonizing food residues in the human gut},
  author={Macfarlane, Sandra and Macfarlane, George T},
  journal={Applied and environmental microbiology},
  volume={72},
  number={9},
  pages={6204--6211},
  year={2006},
  publisher={Am Soc Microbiol}
}
#81
@article{russell2013major,
  title={Major phenylpropanoid-derived metabolites in the human gut can arise from microbial fermentation of protein},
  author={Russell, Wendy R and Duncan, Sylvia H and Scobbie, Lorraine and Duncan, Gary and Cantlay, Louise and Calder, A Graham and Anderson, Susan E and Flint, Harry J},
  journal={Molecular nutrition \& food research},
  volume={57},
  number={3},
  pages={523--535},
  year={2013},
  publisher={Wiley Online Library}
}
#82
@article{de2017indolepropionic,
  title={Indolepropionic acid and novel lipid metabolites are associated with a lower risk of type 2 diabetes in the Finnish Diabetes Prevention Study},
  author={de Mello, Vanessa D and Paananen, Jussi and Lindstr{\"o}m, Jaana and Lankinen, Maria A and Shi, Lin and Kuusisto, Johanna and Pihlajam{\"a}ki, Jussi and Auriola, Seppo and Lehtonen, Marko and Rolandsson, Olov and others},
  journal={Scientific reports},
  volume={7},
  number={1},
  pages={1--12},
  year={2017},
  publisher={Nature Publishing Group}
}
#83
@article{tims2013microbiota,
  title={Microbiota conservation and BMI signatures in adult monozygotic twins},
  author={Tims, Sebastian and Derom, Catherine and Jonkers, Daisy M and Vlietinck, Robert and Saris, Wim H and Kleerebezem, Michiel and De Vos, Willem M and Zoetendal, Erwin G},
  journal={The ISME journal},
  volume={7},
  number={4},
  pages={707--717},
  year={2013},
  publisher={Nature Publishing Group}
}
#84
@article{gophna2017oscillospira,
  title={Oscillospira and related bacteria--From metagenomic species to metabolic features},
  author={Gophna, Uri and Konikoff, Tom and Nielsen, Henrik Bj{\o}rn},
  journal={Environmental microbiology},
  volume={19},
  number={3},
  pages={835--841},
  year={2017},
  publisher={Wiley Online Library}
}
#85
@article{miller1982isolation,
  title={Isolation of Methanobrevibacter smithii from human feces},
  author={Miller, Terry L and Wolin, MJ and de Macario, E Conway and Macario, AJ241804},
  journal={Applied and environmental microbiology},
  volume={43},
  number={1},
  pages={227--232},
  year={1982},
  publisher={Am Soc Microbiol}
}
#86
@article{ridaura2013gut,
  title={Gut microbiota from twins discordant for obesity modulate metabolism in mice},
  author={Ridaura, Vanessa K and Faith, Jeremiah J and Rey, Federico E and Cheng, Jiye and Duncan, Alexis E and Kau, Andrew L and Griffin, Nicholas W and Lombard, Vincent and Henrissat, Bernard and Bain, James R and others},
  journal={Science},
  volume={341},
  number={6150},
  year={2013},
  publisher={American Association for the Advancement of Science}
}
#87
@article{thaiss2018hyperglycemia,
  title={Hyperglycemia drives intestinal barrier dysfunction and risk for enteric infection},
  author={Thaiss, Christoph A and Levy, Maayan and Grosheva, Inna and Zheng, Danping and Soffer, Eliran and Blacher, Eran and Braverman, Sofia and Tengeler, Anouk C and Barak, Oren and Elazar, Maya and others},
  journal={Science},
  volume={359},
  number={6382},
  pages={1376--1383},
  year={2018},
  publisher={American Association for the Advancement of Science}
}
#88
@article{allin2018aberrant,
  title={Aberrant intestinal microbiota in individuals with prediabetes},
  author={Allin, Kristine H and Tremaroli, Valentina and Caesar, Robert and Jensen, Benjamin AH and Damgaard, Mads TF and Bahl, Martin I and Licht, Tine R and Hansen, Tue H and Nielsen, Trine and Dantoft, Thomas M and others},
  journal={Diabetologia},
  volume={61},
  number={4},
  pages={810--820},
  year={2018},
  publisher={Springer}
}
#89